@STRING{ESWC2008 = {Proc. 5th Extended Semantic Web Conference ESWC 2008}}

@STRING{ESWC2009 = {Proc. 6th Extended Semantic Web Conference ESWC 2009}}

@STRING{ESWC2010 = {Proc. 7th Extended Semantic Web Conference ESWC 2010}}

@STRING{ESWC2011 = {Proc. 8th Extended Semantic Web Conference ESWC 2011}}

@STRING{ICDE2007 = {Proc. IEEE 23rd International Conference on Data Engineering ICDE
	2007}}

@STRING{ICDE2008 = {Proc. IEEE 24th International Conference on Data Engineering ICDE
	2008}}

@STRING{ISWC2008 = {Proc. 7th International Semantic Web Conference ISWC 2008}}

@STRING{ISWC2009 = {Proc. 8th International Semantic Web Conference ISWC 2009}}

@STRING{ISWC2010 = {ISWC}}

@STRING{ISWC2011 = {ISWC}}

@STRING{ISWC2012 = {ISWC}}

@STRING{WWW2009 = {Proc. 18th international conference on World wide web WWW 2009}}

@STRING{WWW2011 = {WWW}}

@STRING{WWW2012 = {Proc. 21st international conference on World wide web WWW 2012}}


@INPROCEEDINGS{Anicic2011,
  author = {Anicic, D. and Fodor, P. and Rudolph, S. and Stojanovic, N.},
  title = {{EP-SPARQL}: a unified language for event processing and stream reasoning},
  booktitle = WWW2011,
  year = {2011},
  pages = {635--644},
  file = {:/media/Add/ref/rdfstreams/Anicic2011.pdf:PDF}
}



@article{DBLP:journals/semweb/ValleSKBCH13,
  author    = {Emanuele {Della Valle} and
               Stefan Schlobach and
               Markus Kr{\"{o}}tzsch and
               Alessandro Bozzon and
               Stefano Ceri and
               Ian Horrocks},
  title     = {Order matters! Harnessing a world of orderings for reasoning over
               massive data},
  journal   = {Semantic Web},
  volume    = {4},
  number    = {2},
  pages     = {219--231},
  year      = {2013},
  doi       = {10.3233/SW-2012-0085},
  timestamp = {Tue, 16 Apr 2013 15:50:01 +0200},
  biburl    = {http://dblp.uni-trier.de/rec/bib/journals/semweb/ValleSKBCH13},
  bibsource = {dblp computer science bibliography, http://dblp.org}
}

@article{DBLP:journals/ws/MargaraUHB14,
  author    = {Alessandro Margara and
               Jacopo Urbani and
               Frank van Harmelen and
               Henri E. Bal},
  title     = {Streaming the Web: Reasoning over dynamic data},
  journal   = {J. Web Sem.},
  volume    = {25},
  pages     = {24--44},
  year      = {2014},
  doi       = {10.1016/j.websem.2014.02.001},
  timestamp = {Sun, 06 Jul 2014 12:10:06 +0200},
  biburl    = {http://dblp.uni-trier.de/rec/bib/journals/ws/MargaraUHB14},
  bibsource = {dblp computer science bibliography, http://dblp.org}
}